@inproceedings{name1,
author = {Lempitsky, Victor and Ivanov, Denis},
year = {2007},
month = {07},
pages = {1-6},
title = {Seamless Mosaicing of Image-Based Texture Maps},
isbn = {1-4244-1180-7},
doi = {10.1109/CVPR.2007.383078}
}
@article{name2,
author = {Boykov, Yuri},
year = {2001},
month = {08},
pages = {},
title = {An Experimental Comparison of Min-Cut/Max-Flow Algorithms for Energy Minimization in Vision},
volume = {26},
journal = {IEEE Transactions on Pattern Analysis and Machine Intelligence}
}
@article{name3,
author = {Y. Boykov, Y and Veksler R., O and Zabih, R},
year = {2001},
month = {01},
pages = {},
title = {Efficient Approximate Energy Minimization via Graph Cuts},
volume = {20},
journal = {IEEE Transactions on Pattern Analysis and Machine Intelligence - PAMI}
}